@manual{Akka:ActorSystem,
	author = {{Lightbend}},
	title = {Akka Documentation: Actor Systems},
	url = {https://doc.akka.io/docs/akka/current/general/actor-systems.html},
	version = {2.5.21},
	date = {2019-04-01}
}
@manual{Slick,
	author = {{Lightbend}},
	title = {Slick},
	url = {http://slick.lightbend.com/doc/3.3.0/},
	version = {3.3.0},
	date = {2019-04-01}
}
@manual{Crawler-commons,
	author = {{Crawler-Commons}},
	title = {Crawler-Commons documentation},
	url = {http://crawler-commons.github.io/crawler-commons/1.0/},
	version = {1.0},
	date = {2019-04-01}
}
@manual{htmlunit,
	author = {{HtmlUnit}},
	title = {HtmlUnit documentation},
	url = {http://htmlunit.sourceforge.net/},
	version = {2.32},
	date = {2019-04-01}
}
@manual{bigqueue,
author = {{bulldog2011}},
title = {BigQueue documentation},
url = {https://github.com/bulldog2011/bigqueue},
version = {0.7.2},
date = {2019-04-01}
}
@manual{jsoup,
	author = {{JSoup}},
	title = {JSoup documentation},
	url = {https://jsoup.org/},
	version = {1.11.3},
	date = {2019-04-01}
}
